@article{stageR2018,
  author = {Van den Berge, Koen and Soneson, Charlotte and Robinson, Mark D and Clement, Lieven},
  title = {stageR: a general stage-wise method for controlling the gene-level false discovery rate in differential expression and differential transcript usage},
  journal = {Genome Biology},
  volume = {19},
  number = {1},
  pages = {151},
  year = {2018},
  publisher = {BioMed Central},
  doi = {10.1186/s13059-017-1277-0}
}

@article{efron2001localfdr,
  title   = {Empirical {Bayes} Analysis of a Microarray Experiment},
  author  = {Efron, Bradley and Tibshirani, Robert and Storey, John D. and Tusher, Virginia},
  journal = {Journal of the American Statistical Association},
  volume  = {96},
  number  = {456},
  pages   = {1151--1160},
  year    = {2001},
  publisher = {Taylor \& Francis}
}

@article{msTrawler2024,
  author       = {O'Brien, Jonathon J. and Raj, Anil and Gaun, Aleksandr and Waite, Adam and Li, Wenzhou and Hendrickson, David G. and Olsson, Niclas and McAllister, Fiona E.},
  title        = {A data analysis framework for combining multiple batches increases the power of isobaric proteomics experiments},
  journal      = {Nature Methods},
  year         = {2024},
  volume       = {21},
  pages        = {290--300},
  doi          = {10.1038/s41592-023-02120-6},
  url          = {https://doi.org/10.1038/s41592-023-02120-6}
}

@article{goeminne2016peptide,
  title={Peptide-level robust ridge regression improves estimation, sensitivity, and specificity in data-dependent quantitative label-free shotgun proteomics},
  author={Goeminne, LudgerJ E and Gevaert, Kris and Clement, Lieven},
  journal={Molecular \& Cellular Proteomics},
  volume={15},
  number={2},
  pages={657--668},
  year={2016},
  publisher={ASBMB}
}

@article{huang2020msstatstmt,
  title={MSstatsTMT: statistical detection of differentially abundant proteins in experiments with isobaric labeling and multiple mixtures},
  author={Huang, Ting and Choi, Meena and Tzouros, Manuel and Golling, Sabrina and Pandya, Nikhil Janak and Banfai, Balazs and Dunkley, Tom and Vitek, Olga},
  journal={Molecular \& Cellular Proteomics},
  volume={19},
  number={10},
  pages={1706--1723},
  year={2020},
  publisher={ASBMB}
}

@article{zhu2020deqms,
  title={DEqMS: a method for accurate variance estimation in differential protein expression analysis},
  author={Zhu, Yafeng and Orre, Lukas M and Tran, Yan Zhou and Mermelekas, Georgios and Johansson, Henrik J and Malyutina, Alina and Anders, Simon and Lehti{\"o}, Janne},
  journal={Molecular \& Cellular Proteomics},
  volume={19},
  number={6},
  pages={1047--1057},
  year={2020},
  publisher={ASBMB}
}

@article{goeminne2018experimental,
  title={Experimental design and data-analysis in label-free quantitative LC/MS proteomics: A tutorial with MSqRob},
  author={Goeminne, Ludger JE and Gevaert, Kris and Clement, Lieven},
  journal={Journal of proteomics},
  volume={171},
  pages={23--36},
  year={2018},
  publisher={Elsevier}
}

@article{herbrich2013statistical,
  title={Statistical inference from multiple iTRAQ experiments without using common reference standards},
  author={Herbrich, Shelley M and Cole, Robert N and West Jr, Keith P and Schulze, Kerry and Yager, James D and Groopman, John D and Christian, Parul and Wu, Lee and Oâ€™Meally, Robert N and May, Damon H and others},
  journal={Journal of proteome research},
  volume={12},
  number={2},
  pages={594--604},
  year={2013},
  publisher={ACS Publications}
}

@article{ahlmann2020proda,
  title={proDA: probabilistic dropout analysis for identifying differentially abundant proteins in label-free mass spectrometry},
  author={Ahlmann-Eltze, Constantin and Anders, Simon},
  journal={Biorxiv},
  pages={661496},
  year={2020},
  publisher={Cold Spring Harbor Laboratory}
}

@article{brenes2019multibatch,
  title={Multibatch TMT reveals false positives, batch effects and missing values},
  author={Brenes, Alejandro and Hukelmann, Jens and Bensaddek, Dalila and Lamond, Angus I},
  journal={Molecular \& Cellular Proteomics},
  volume={18},
  number={10},
  pages={1967--1980},
  year={2019},
  publisher={ASBMB}
}

@article{maes2015determination,
  title={Determination of variation parameters as a crucial step in designing TMT-based clinical proteomics experiments},
  author={Maes, Evelyne and Valkenborg, Dirk and Baggerman, Geert and Willems, Hanny and Landuyt, Bart and Schoofs, Liliane and Mertens, Inge},
  journal={PLoS One},
  volume={10},
  number={3},
  pages={e0120115},
  year={2015},
  publisher={Public Library of Science San Francisco, CA USA}
}


@article{Goeminne2016,
  doi = {10.1074/mcp.m115.055897},
  url = {https://doi.org/10.1074/mcp.m115.055897},
  year = {2016},
  month = feb,
  publisher = {Elsevier {BV}},
  volume = {15},
  number = {2},
  pages = {657--668},
  author = {LudgerJ.E. Goeminne and Kris Gevaert and Lieven Clement},
  title = {Peptide-level Robust Ridge Regression Improves Estimation,  Sensitivity,  and Specificity in Data-dependent Quantitative Label-free Shotgun Proteomics},
  journal = {Molecular \& Cellular Proteomics}
}


@article{Savitski2011,
  doi = {10.1021/ac201760x},
  url = {https://doi.org/10.1021/ac201760x},
  year = {2011},
  month = nov,
  publisher = {American Chemical Society ({ACS})},
  volume = {83},
  number = {23},
  pages = {8959--8967},
  author = {Mikhail M. Savitski and Gavain Sweetman and Manor Askenazi and Jarrod A. Marto and Manja Lang and Nico Zinn and Marcus Bantscheff},
  title = {Delayed Fragmentation and Optimized Isolation Width Settings for Improvement of Protein Identification and Accuracy of Isobaric Mass Tag Quantification on Orbitrap-Type Mass Spectrometers},
  journal = {Analytical Chemistry}
}

@article{Ow2009,
  doi = {10.1021/pr900634c},
  url = {https://doi.org/10.1021/pr900634c},
  year = {2009},
  month = sep,
  publisher = {American Chemical Society ({ACS})},
  volume = {8},
  number = {11},
  pages = {5347--5355},
  author = {Saw Yen Ow and Malinda Salim and Josselin Noirel and Caroline Evans and Ishtiaq Rehman and Phillip C. Wright},
  title = {{iTRAQ} Underestimation in Simple and Complex Mixtures: {\textquotedblleft}The Good,  the Bad and the Ugly{\textquotedblright}},
  journal = {Journal of Proteome Research}
}

@article{Goeminne2020,
  doi = {10.1021/acs.analchem.9b04375},
  url = {https://doi.org/10.1021/acs.analchem.9b04375},
  year = {2020},
  month = mar,
  publisher = {American Chemical Society ({ACS})},
  volume = {92},
  number = {9},
  pages = {6278--6287},
  author = {Ludger J. E. Goeminne and Adriaan Sticker and Lennart Martens and Kris Gevaert and Lieven Clement},
  title = {{MSqRob} Takes the Missing Hurdle: Uniting Intensity- and Count-Based Proteomics},
  journal = {Analytical Chemistry}
}

@Manual{Qfeatures2022,
    title = {QFeatures: Quantitative features for mass spectrometry data},
    author = {Laurent Gatto and Christophe Vanderaa},
    year = {2022},
    note = {R package version 1.8.0},
    url = {https://github.com/RforMassSpectrometry/QFeatures},
  }
  
 @article{Plubell2017,
  doi = {10.1074/mcp.m116.065524},
  url = {https://doi.org/10.1074/mcp.m116.065524},
  year = {2017},
  month = may,
  publisher = {Elsevier {BV}},
  volume = {16},
  number = {5},
  pages = {873--890},
  author = {Deanna L. Plubell and Phillip A. Wilmarth and Yuqi Zhao and Alexandra M. Fenton and Jessica Minnier and Ashok P. Reddy and John Klimek and Xia Yang and Larry L. David and Nathalie Pamir},
  title = {Extended Multiplexing of Tandem Mass Tags ({TMT}) Labeling Reveals Age and High Fat Diet Specific Proteome Changes in Mouse Epididymal Adipose Tissue},
  journal = {Molecular \& Cellular Proteomics}
}


@article{Li2021,
  doi = {10.1021/acs.jproteome.1c00168},
  url = {https://doi.org/10.1021/acs.jproteome.1c00168},
  year = {2021},
  month = apr,
  publisher = {American Chemical Society ({ACS})},
  volume = {20},
  number = {5},
  pages = {2964--2972},
  author = {Jiaming Li and Zhenying Cai and Ryan D. Bomgarden and Ian Pike and Karsten Kuhn and John C. Rogers and Thomas M. Roberts and Steven P. Gygi and Joao A. Paulo},
  title = {{TMTpro}-18plex: The Expanded and Complete Set of {TMTpro} Reagents for Sample Multiplexing},
  journal = {Journal of Proteome Research}
}

@article{Sticker2020,
  doi = {10.1074/mcp.ra119.001624},
  url = {https://doi.org/10.1074/mcp.ra119.001624},
  year = {2020},
  month = jul,
  publisher = {Elsevier {BV}},
  volume = {19},
  number = {7},
  pages = {1209--1219},
  author = {Adriaan Sticker and Ludger Goeminne and Lennart Martens and Lieven Clement},
  title = {Robust Summarization and Inference in Proteome-wide Label-free Quantification},
  journal = {Molecular \& Cellular Proteomics}
}

@article{Huang2020,
  doi = {10.1074/mcp.ra120.002105},
  url = {https://doi.org/10.1074/mcp.ra120.002105},
  year = {2020},
  month = oct,
  publisher = {Elsevier {BV}},
  volume = {19},
  number = {10},
  pages = {1706--1723},
  author = {Ting Huang and Meena Choi and Manuel Tzouros and Sabrina Golling and Nikhil Janak Pandya and Balazs Banfai and Tom Dunkley and Olga Vitek},
  title = {{MSstatsTMT}: Statistical Detection of Differentially Abundant Proteins in Experiments with Isobaric Labeling and Multiple Mixtures},
  journal = {Molecular \& Cellular Proteomics}
}

@article{Zhu2020,
  doi = {10.1074/mcp.tir119.001646},
  url = {https://doi.org/10.1074/mcp.tir119.001646},
  year = {2020},
  month = jun,
  publisher = {Elsevier {BV}},
  volume = {19},
  number = {6},
  pages = {1047--1057},
  author = {Yafeng Zhu and Lukas M. Orre and Yan Zhou Tran and Georgios Mermelekas and Henrik J. Johansson and Alina Malyutina and Simon Anders and Janne Lehti\"{o}},
  title = {{DEqMS}: A Method for Accurate Variance Estimation in Differential Protein Expression Analysis},
  journal = {Molecular \& Cellular Proteomics}
}

@article{Goeminne2018,
  doi = {10.1016/j.jprot.2017.04.004},
  url = {https://doi.org/10.1016/j.jprot.2017.04.004},
  year = {2018},
  month = jan,
  publisher = {Elsevier {BV}},
  volume = {171},
  pages = {23--36},
  author = {Ludger J.E. Goeminne and Kris Gevaert and Lieven Clement},
  title = {Experimental design and data-analysis in label-free quantitative {LC}/{MS} proteomics: A tutorial with {MSqRob}},
  journal = {Journal of Proteomics}
}

@article{Herbrich2013,
  doi = {10.1021/pr300624g},
  url = {https://doi.org/10.1021/pr300624g},
  year = {2013},
  month = jan,
  publisher = {American Chemical Society ({ACS})},
  volume = {12},
  number = {2},
  pages = {594--604},
  author = {Shelley M. Herbrich and Robert N. Cole and Keith P. West and Kerry Schulze and James D. Yager and John D. Groopman and Parul Christian and Lee Wu and Robert N. O'Meally and Damon H. May and Martin W. McIntosh and Ingo Ruczinski},
  title = {Statistical Inference from Multiple {iTRAQ} Experiments without Using Common Reference Standards},
  journal = {Journal of Proteome Research}
}

@article{ahlmann2020proda,
  title={proDA: probabilistic dropout analysis for identifying differentially abundant proteins in label-free mass spectrometry},
  author={Ahlmann-Eltze, Constantin and Anders, Simon},
  journal={Biorxiv},
  pages={661496},
  year={2020},
  publisher={Cold Spring Harbor Laboratory}
}

@article{Brenes2019,
  doi = {10.1074/mcp.ra119.001472},
  url = {https://doi.org/10.1074/mcp.ra119.001472},
  year = {2019},
  month = oct,
  publisher = {Elsevier {BV}},
  volume = {18},
  number = {10},
  pages = {1967--1980},
  author = {Alejandro Brenes and Jens Hukelmann and Dalila Bensaddek and Angus I. Lamond},
  title = {Multibatch {TMT} Reveals False Positives,  Batch Effects and Missing Values},
  journal = {Molecular \& Cellular Proteomics}
}



@article{maes2015determination,
  title={Determination of variation parameters as a crucial step in designing TMT-based clinical proteomics experiments},
  author={Maes, Evelyne and Valkenborg, Dirk and Baggerman, Geert and Willems, Hanny and Landuyt, Bart and Schoofs, Liliane and Mertens, Inge},
  journal={PLoS One},
  volume={10},
  number={3},
  pages={e0120115},
  year={2015},
  publisher={Public Library of Science San Francisco, CA USA}
}

@article{Bioconductor,
    author = {W. Huber and V. J. Carey and R. Gentleman and S. Anders and M. Carlson and B. S. Carvalho and H. C. Bravo and S. Davis and L. Gatto and T. Girke and R. Gottardo and F. Hahne and K. D. Hansen and R. A. Irizarry and M. Lawrence and M. I. Love and J. MacDonald and V. Obenchain and A. K. {Ole's} and H. {Pag`es} and A. Reyes and P. Shannon and G. K. Smyth and D. Tenenbaum and L. Waldron and M. Morgan},
    title = {{O}rchestrating high-throughput genomic analysis with {B}ioconductor},
    journal = {Nature Methods},
    year = {2015},
    volume = {12},
    number = {2},
    pages = {115--121},
    url = {http://www.nature.com/nmeth/journal/v12/n2/full/nmeth.3252.html},
  }
  
@article{Msstatstmt,
    title = {MSstatsTMT: Statistical detection of differentially abundant proteins in experiments with isobaric labeling and multiple mixtures},
    author = {Ting Huang and Meena Choi and Manuel Tzouros and Sabrina Golling and Nikhil Janak Pandya and Balazs Banfai and Tom Dunkley and Olga Vitek},
    journal = {Molecular & Cellular Proteomics},
    volume = {19},
    number = {10},
    pages = {1706-1723},
    year = {2020},
  }
  
@article{deqms,
    title = {DEqMS: a tool to perform statistical analysis of differential protein
expression for quantitative proteomics data.},
    author = {Yafeng Zhu},
    year = {2023},
    note = {R package version 1.20.0},
    url = {https://bioconductor.org/packages/DEqMS},
    doi = {10.18129/B9.bioc.DEqMS},
  }
  
 @article{Lang2019,
  title = {Effects of different diets used in diet-induced obesity models on insulin resistance and vascular dysfunction in C57BL/6 mice},
  volume = {9},
  ISSN = {2045-2322},
  url = {http://dx.doi.org/10.1038/s41598-019-55987-x},
  DOI = {10.1038/s41598-019-55987-x},
  number = {1},
  journal = {Scientific Reports},
  publisher = {Springer Science and Business Media LLC},
  author = {Lang,  Philipp and Hasselwander,  Solveig and Li,  Huige and Xia,  Ning},
  year = {2019},
  month = dec 
}

@article{Miszta2020,
  title = {A high-fat diet delays plasmin generation in a thrombomodulin-dependent manner in mice},
  volume = {135},
  ISSN = {1528-0020},
  url = {http://dx.doi.org/10.1182/blood.2019004267},
  DOI = {10.1182/blood.2019004267},
  number = {19},
  journal = {Blood},
  publisher = {American Society of Hematology},
  author = {Miszta,  Adam and Kopec,  Anna K. and Pant,  Asmita and Holle,  Lori A. and Byrnes,  James R. and Lawrence,  Daniel A. and Hansen,  Kirk C. and Flick,  Matthew J. and Luyendyk,  James P. and de Laat,  Bas and Wolberg,  Alisa S.},
  year = {2020},
  month = may,
  pages = {1704â€“1717}
}

  @Article{Limma,
    author = {Matthew E Ritchie and Belinda Phipson and Di Wu and Yifang Hu and Charity W Law and Wei Shi and Gordon K Smyth},
    title = {{limma} powers differential expression analyses for {RNA}-sequencing and microarray studies},
    journal = {Nucleic Acids Research},
    year = {2015},
    volume = {43},
    number = {7},
    pages = {e47},
    doi = {10.1093/nar/gkv007},
  }


